<record><leader>00000cas a22000007a 4500</leader><controlfield tag="001">27781353</controlfield><controlfield tag="008">930323d19121913okuwr n       0    0eng d</controlfield><datafield ind1=" " ind2=" " tag="010"><subfield code="a">sn 93066023 </subfield></datafield><datafield ind1=" " ind2=" " tag="040"><subfield code="a">OBN</subfield><subfield code="b">eng</subfield><subfield code="c">OBN</subfield><subfield code="d">OCLCQ</subfield><subfield code="d">OCLCF</subfield><subfield code="d">OCLCO</subfield></datafield><datafield ind1="1" ind2=" " tag="029"><subfield code="a">AU@</subfield><subfield code="b">000020745250</subfield></datafield><datafield ind1=" " ind2=" " tag="042"><subfield code="a">msc</subfield></datafield><datafield ind1=" " ind2=" " tag="043"><subfield code="a">n-us-ok</subfield></datafield><datafield ind1="0" ind2="0" tag="245"><subfield code="a">Pittsburg County leader.</subfield></datafield><datafield ind1=" " ind2=" " tag="260"><subfield code="a">Canadian, Okla. :</subfield><subfield code="b">A.T. Barrow</subfield></datafield><datafield ind1=" " ind2=" " tag="300"><subfield code="a">v.</subfield></datafield><datafield ind1=" " ind2=" " tag="310"><subfield code="a">Weekly</subfield></datafield><datafield ind1="0" ind2=" " tag="362"><subfield code="a">Vol. 2, no. 2 (Apr. 5, 1912)-</subfield></datafield><datafield ind1="1" ind2=" " tag="362"><subfield code="a">Began in 1912; ceased in 1913.</subfield></datafield><datafield ind1=" " ind2=" " tag="500"><subfield code="a">"Formerly The Indianola Herald."</subfield></datafield><datafield ind1=" " ind2="0" tag="651"><subfield code="a">Pittsburg County (Okla.)</subfield><subfield code="v">Newspapers.</subfield></datafield><datafield ind1=" " ind2="4" tag="651"><subfield code="a">Canadian (Okla.)</subfield><subfield code="v">Newspapers.</subfield></datafield><datafield ind1=" " ind2="7" tag="655"><subfield code="a">Newspapers.</subfield><subfield code="2">fast</subfield><subfield code="0">(OCoLC)fst01423814</subfield></datafield><datafield ind1=" " ind2="7" tag="651"><subfield code="a">Oklahoma</subfield><subfield code="z">Pittsburg County.</subfield><subfield code="2">fast</subfield><subfield code="0">(OCoLC)fst01203141</subfield></datafield><datafield ind1=" " ind2=" " tag="752"><subfield code="a">United States</subfield><subfield code="b">Oklahoma</subfield><subfield code="c">Pittsburg</subfield><subfield code="d">Canadian.</subfield></datafield><datafield ind1="0" ind2="0" tag="780"><subfield code="t">Indianola herald</subfield><subfield code="w">(DLC)sn 93066022</subfield><subfield code="w">(OCoLC)27781331</subfield></datafield><datafield ind1="0" ind2="0" tag="785"><subfield code="t">Kinta journal</subfield><subfield code="w">(DLC)sn 93065966</subfield><subfield code="w">(OCoLC)27781363</subfield></datafield></record>